<?xml version="1.0" encoding="UTF-8"?><collection xmlns="http://www.loc.gov/MARC21/slim"><record><leader>00469nam--2200157-i-4500</leader><controlfield tag="001">000007138</controlfield><controlfield tag="002">20161230</controlfield><controlfield tag="005">20170220004949</controlfield><controlfield tag="008">060222s1000------------r-----000-0-eng-d</controlfield><datafield ind1=" " ind2=" " tag="245"><subfield code="a">Advances in organic geochemistry. Proceedings of the international meeting in Milan, 1962</subfield></datafield><datafield ind1=" " ind2=" " tag="260"><subfield code="a">Oxford</subfield><subfield code="b">Pergamon Press</subfield><subfield code="c">1964</subfield></datafield><datafield ind1=" " ind2=" " tag="300"><subfield code="a">IX + 488 p</subfield></datafield><datafield ind1=" " ind2=" " tag="490"><subfield code="a">Earth Science Series.Monograph No.15</subfield></datafield><datafield ind1=" " ind2=" " tag="700"><subfield code="a">Hobson, G. D</subfield></datafield><datafield ind1=" " ind2=" " tag="852"><subfield code="a">21138</subfield></datafield><datafield ind1=" " ind2=" " tag="CAT"><subfield code="a">SYS</subfield><subfield code="c">20170220</subfield><subfield code="h">004949</subfield></datafield></record></collection>